<opacRecord>
  <bibliographicRecord>
<record xmlns="http://www.loc.gov/MARC21/slim">
  <leader>03108cgm a2200637Ia 4500</leader>
  <controlfield tag="001">000087391</controlfield>
  <controlfield tag="005">20080418160428.0</controlfield>
  <controlfield tag="007">vd cvaizq</controlfield>
  <controlfield tag="008">040709p20041996xxu162 e          vleng d</controlfield>
  <datafield tag="020" ind1=" " ind2=" ">
    <subfield code="a">0788853392</subfield>
  </datafield>
  <datafield tag="020" ind1=" " ind2=" ">
    <subfield code="a">9780788853395</subfield>
  </datafield>
  <datafield tag="024" ind1="1" ind2=" ">
    <subfield code="a">786936239065</subfield>
  </datafield>
  <datafield tag="028" ind1="4" ind2="2">
    <subfield code="a">35002</subfield>
    <subfield code="b">Miramax Home Entertainment</subfield>
  </datafield>
  <datafield tag="035" ind1=" " ind2=" ">
    <subfield code="a">(OCoLC)55881775</subfield>
  </datafield>
  <datafield tag="037" ind1=" " ind2=" ">
    <subfield code="b">Midwest Tapes</subfield>
    <subfield code="n">http://www.midwesttapes.com</subfield>
  </datafield>
  <datafield tag="040" ind1=" " ind2=" ">
    <subfield code="a">TEFMT</subfield>
    <subfield code="c">TEFMT</subfield>
    <subfield code="d">RCS</subfield>
    <subfield code="d">LEO</subfield>
    <subfield code="d">XFF</subfield>
    <subfield code="d">OCLCQ</subfield>
    <subfield code="d">OCL</subfield>
    <subfield code="d">RCS</subfield>
    <subfield code="d">BTCTA</subfield>
    <subfield code="d">OCLCQ</subfield>
    <subfield code="d">VYQ</subfield>
  </datafield>
  <datafield tag="041" ind1="1" ind2=" ">
    <subfield code="a">eng</subfield>
    <subfield code="b">spa</subfield>
    <subfield code="b">fre</subfield>
    <subfield code="h">eng</subfield>
  </datafield>
  <datafield tag="043" ind1=" " ind2=" ">
    <subfield code="a">e-it---</subfield>
  </datafield>
  <datafield tag="049" ind1=" " ind2=" ">
    <subfield code="a">VYQM</subfield>
  </datafield>
  <datafield tag="050" ind1=" " ind2="4">
    <subfield code="a">PN1997</subfield>
    <subfield code="b">.E6431 2004</subfield>
  </datafield>
  <datafield tag="096" ind1=" " ind2=" ">
    <subfield code="a">East Coll DVD</subfield>
    <subfield code="b">E58</subfield>
  </datafield>
  <datafield tag="245" ind1="0" ind2="4">
    <subfield code="a">The English patient</subfield>
    <subfield code="h">[videorecording] /</subfield>
    <subfield code="c">Miramax Films presents a Saul Zaentz production ; an Anthony Minghella film ; produced by Saul Zaentz ; screenplay and directed by Anthony Minghella.</subfield>
  </datafield>
  <datafield tag="260" ind1=" " ind2=" ">
    <subfield code="a">[United States] :</subfield>
    <subfield code="b">Miramax Home Entertainment,</subfield>
    <subfield code="c">[2004].</subfield>
  </datafield>
  <datafield tag="300" ind1=" " ind2=" ">
    <subfield code="a">2 videodiscs (162 min.) :</subfield>
    <subfield code="b">sd., col. ;</subfield>
    <subfield code="c">4 3/4 in.</subfield>
  </datafield>
  <datafield tag="440" ind1=" " ind2="0">
    <subfield code="a">Miramax collector&apos;s series</subfield>
  </datafield>
  <datafield tag="538" ind1=" " ind2=" ">
    <subfield code="a">DVD, region 1, widescreen (1.85:1) presentation; DTS 5.1 Digital surround sound, Dolby Digital 5.1 surround sound.</subfield>
  </datafield>
  <datafield tag="546" ind1=" " ind2=" ">
    <subfield code="a">English dialogue, Spanish or French subtitles; closed-captioned.</subfield>
  </datafield>
  <datafield tag="500" ind1=" " ind2=" ">
    <subfield code="a">Title from container.</subfield>
  </datafield>
  <datafield tag="511" ind1="1" ind2=" ">
    <subfield code="a">Kristin Scott Thomas, Ralph Fiennes, Juliette Binoche, Willem Dafoe, Naveen Andrews.</subfield>
  </datafield>
  <datafield tag="500" ind1=" " ind2=" ">
    <subfield code="a">Originally released as a motion picture in 1996.</subfield>
  </datafield>
  <datafield tag="500" ind1=" " ind2=" ">
    <subfield code="a">Based on the novel by Michael Ondaatje.</subfield>
  </datafield>
  <datafield tag="521" ind1="8" ind2=" ">
    <subfield code="a">MPAA rating: R.</subfield>
  </datafield>
  <datafield tag="520" ind1=" " ind2=" ">
    <subfield code="a">Based on the novel by Michael Ondaatje, a complicated WWII saga told in flashback sequences. Best Picture, Best Director-Anthony Minghella, and Best Supporting Actress-Juliette Binoche. Includes exclusive bonus material and special packaging.</subfield>
  </datafield>
  <datafield tag="500" ind1=" " ind2=" ">
    <subfield code="a">Special features: master class with screenwriter and director; the making of; a historical look at the real count Almasy; two feature commentary tracks with the filmmakers; from novel to screenplay; the formidable Saul Zaentz; about the author Michael Ondaatje; filmmaker conversations with Anthony Minghella, Saul Zaentz, Michael Ondaatje and editor Walter Murch.</subfield>
  </datafield>
  <datafield tag="650" ind1=" " ind2="2">
    <subfield code="a">World War I</subfield>
    <subfield code="z">Italy</subfield>
    <subfield code="v">DVD.</subfield>
  </datafield>
  <datafield tag="650" ind1=" " ind2="2">
    <subfield code="a">Nurses</subfield>
    <subfield code="v">fiction</subfield>
    <subfield code="v">DVD.</subfield>
  </datafield>
  <datafield tag="650" ind1=" " ind2="2">
    <subfield code="a">Love</subfield>
    <subfield code="v">fiction</subfield>
    <subfield code="v">DVD.</subfield>
  </datafield>
  <datafield tag="655" ind1=" " ind2="7">
    <subfield code="a">Fictional works.</subfield>
    <subfield code="2">mesh</subfield>
  </datafield>
  <datafield tag="700" ind1="1" ind2=" ">
    <subfield code="a">Zaentz, Saul.</subfield>
  </datafield>
  <datafield tag="700" ind1="1" ind2=" ">
    <subfield code="a">Minghella, Anthony.</subfield>
  </datafield>
  <datafield tag="700" ind1="1" ind2=" ">
    <subfield code="a">Scott-Thomas, Kristin,</subfield>
    <subfield code="d">1960-</subfield>
  </datafield>
  <datafield tag="700" ind1="1" ind2=" ">
    <subfield code="a">Fiennes, Ralph.</subfield>
  </datafield>
  <datafield tag="700" ind1="1" ind2=" ">
    <subfield code="a">Binoche, Juliette,</subfield>
    <subfield code="d">1964-</subfield>
  </datafield>
  <datafield tag="700" ind1="1" ind2=" ">
    <subfield code="a">Dafoe, Willem.</subfield>
  </datafield>
  <datafield tag="700" ind1="1" ind2=" ">
    <subfield code="a">Andrews, Naveen,</subfield>
    <subfield code="d">1971-</subfield>
  </datafield>
  <datafield tag="700" ind1="1" ind2=" ">
    <subfield code="a">Ondaatje, Michael,</subfield>
    <subfield code="d">1943-</subfield>
  </datafield>
  <datafield tag="710" ind1="2" ind2=" ">
    <subfield code="a">Miramax Films.</subfield>
  </datafield>
  <datafield tag="710" ind1="2" ind2=" ">
    <subfield code="a">Miramax Home Entertainment (Firm)</subfield>
  </datafield>
  <datafield tag="852" ind1="2" ind2=" ">
    <subfield code="a">NSySU-M</subfield>
    <subfield code="b">UPSMN</subfield>
    <subfield code="c">EASTW</subfield>
    <subfield code="h">East Coll DVD</subfield>
    <subfield code="i">E58</subfield>
  </datafield>
  <datafield tag="962" ind1=" " ind2=" ">
    <subfield code="a">Media</subfield>
  </datafield>
  <datafield tag="962" ind1=" " ind2=" ">
    <subfield code="a">Video</subfield>
  </datafield>
  <datafield tag="962" ind1=" " ind2=" ">
    <subfield code="a">DVD</subfield>
  </datafield>
  <datafield tag="994" ind1=" " ind2=" ">
    <subfield code="a">C0</subfield>
    <subfield code="b">VYQ</subfield>
  </datafield>
  <datafield tag="956" ind1=" " ind2=" ">
    <subfield code="a">OCLCxfer</subfield>
    <subfield code="b">00</subfield>
    <subfield code="c">20080418</subfield>
    <subfield code="l">UPS01</subfield>
    <subfield code="h">1604</subfield>
  </datafield>
  <datafield tag="938" ind1=" " ind2=" ">
    <subfield code="a">Baker and Taylor</subfield>
    <subfield code="b">BTCP</subfield>
    <subfield code="n">be2004103116</subfield>
  </datafield>
  <datafield tag="930" ind1="-" ind2="1">
    <subfield code="l">UPS01</subfield>
    <subfield code="L">MARC 21 Library</subfield>
    <subfield code="m">VIS</subfield>
    <subfield code="1">UPSMN</subfield>
    <subfield code="A">Upstate Catalog</subfield>
    <subfield code="2">EASTW</subfield>
    <subfield code="B">Eastwood Collection (1st Floor)</subfield>
    <subfield code="h">East Coll DVD</subfield>
    <subfield code="i">E58</subfield>
    <subfield code="5">32803002776424</subfield>
    <subfield code="8">20070824</subfield>
    <subfield code="f">01</subfield>
    <subfield code="F">Regular Loan</subfield>
    <subfield code="g">87401-1</subfield>
  </datafield>
</record>
  </bibliographicRecord>
<holdings>
 <holding>
  <typeOfRecord>x</typeOfRecord>
  <encodingLevel>1</encodingLevel>
  <receiptAcqStatus>2</receiptAcqStatus>
  <generalRetention>8</generalRetention>
  <completeness>4</completeness>
  <dateOfReport>000000</dateOfReport>
  <localLocation>Upstate Catalog</localLocation>
  <shelvingLocation>Eastwood Collection (1st Floor)</shelvingLocation>
  <callNumber>East Coll DVD E58</callNumber>
  <copyNumber>1.0</copyNumber>
  <volumes>
   <volume>
   </volume>
  </volumes>
  <circulations>
   <circulation>
    <availableNow value="1"/>
    <availabiltyDate>Available</availabiltyDate>
    <availableThru>Regular Loan</availableThru>
    <itemId>32803002776424</itemId>
    <renewable value="1"/>
    <onHold value="0"/>
   </circulation>
  </circulations>
 </holding>
</holdings>
</opacRecord>
